@Book{TDD01,
author = {Madeyski, L.},
title = {Test-Driven Development. An Empirical Evaluation of Agile Practice},
publisher = {Springer-Verlag Berlin Heidelberg},
year = {2010},
langid = {english}
}

@online{MAN01,
url = {http://agilemanifesto.org/},
title = {Manifesto for Agile Software Development},
year = {2001}
}

@online{REC02,
	url = {https://www.analyticsvidhya.com/blog/2015/08/beginners-guide-learn-content-based-recommender-systems/},
	title = {Beginners Guide to learn about Content Based Recommender Engines},
	year = {2015}
}

@Book{AGI01,
	author = {Meyer, B.},
	title = {Agile! The Good, the Hype and the Ugly},
	publisher = {Springer International Publishing Switzerland},
	year = {2014},
	langid = {english}
}

@online{TDD04,
	url = {https://pl.wikipedia.org/wiki/Test-driven_development},
	title = {Test-driven development definition},
	year = {2018}
}



@Manual{SPR01,
	title = {Spring framework Reference Documentation, Spring Core},
	organization = {Pivotal Software},
	year = {2018}
}

@Manual{ANG01,
	title = {Angular framework Reference Documentation, Fundamentals},
	organization = {Google},
	year = {2018}
}

@Article{TDD02,
	author = {Karac, I. and Turhan, B.},
	title = {What Do We (Really)
	Know about Test-Driven
	Development?},
	journal = {IEEE Software},
	year = {2018},
	month = {7},
	pages = {81--85}
}

@TechReport{REC01,
	author = {Leidy Esperanza Molina Fernandez},
	title = {Recommendation System for Netflix},
	institution = {Vrije Universiteit Amsterdam},
	year = {2018},
	month = {01}
}

@TechReport{TDD03,
	author = {Unkelos-Shpigel, N. and Hadar, I.},
	title = {Test First, Code Later: Educating
	for Test Driven Development},
	institution = {University of Haifa},
	year = {2018},
	publisher = {Springer International Publishing AG}
}


@Book{SPR02,
	author = {Deinum, M. and Rubio, D. and Long, J.},
	title = {Spring 5 Recipes. A Problem-Solution Approach
	Fourth Edition},
	publisher = {Apress Media},
	year = {2017},
	langid = {english}
}

@Book{SPR03,
	author = {Dhrubojyoti, K.},
	title = {Pro Java EE Spring Patterns. 
	Best Practices and Design Strategies Implementing Java EE Patterns with the Spring Framework},
	publisher = {Apress Media},
	year = {2008},
	langid = {english}
}

@Book{DPT01,
	author = {Vaskaran, S.},
	title = {Java Design Patterns. A Tour of 23 Gang of Four Design Patterns in Java},
	publisher = {Apress Media},
	year = {2016},
	langid = {english}
}

@Book{ANG02,
	author = {Clow, M.},
	title = {Angular 5 Projects. Learn to Build Single Page Web
	Applications Using 70+ Projects},
	publisher = {Apress Media},
	year = {2018},
	langid = {english}
}

@Book{ANG03,
	author = {Farhi, O.},
	title = {Reactive Programming with Angular and ngrx. Learn to Harness the Power of Reactive Programming with RxJS and ngrx Extensions},
	publisher = {Apress Media},
	year = {2017},
	langid = {english}
}


@Manual{POS01,
	title = {PostgreSQL 9.3.25 Documentation},
	organization = {The PostgreSQL Global Development Group},
	year = {2018}
}